<record><leader>00000cas a2200000 a 4500</leader><controlfield tag="001">2250807</controlfield><controlfield tag="008">760620c18779999nyudn ne      0    0eng c</controlfield><datafield ind1=" " ind2=" " tag="010"><subfield code="a">sn2001061481</subfield></datafield><datafield ind1=" " ind2=" " tag="040"><subfield code="a">MUL</subfield><subfield code="b">eng</subfield><subfield code="c">MUL</subfield><subfield code="d">NYS</subfield><subfield code="d">OCLCQ</subfield><subfield code="d">HVL</subfield><subfield code="d">CPE</subfield><subfield code="d">OCLCQ</subfield><subfield code="d">OCLCF</subfield><subfield code="d">OCLCO</subfield></datafield><datafield ind1="1" ind2=" " tag="029"><subfield code="a">AU@</subfield><subfield code="b">000023358286</subfield></datafield><datafield ind1=" " ind2=" " tag="042"><subfield code="a">pcc</subfield></datafield><datafield ind1=" " ind2=" " tag="043"><subfield code="a">n-us-ny</subfield></datafield><datafield ind1="1" ind2="4" tag="050"><subfield code="a">LH1.C64</subfield><subfield code="b">C6</subfield></datafield><datafield ind1="0" ind2=" " tag="130"><subfield code="a">Columbia spectator (New York, N.Y.)</subfield></datafield><datafield ind1="1" ind2="0" tag="245"><subfield code="a">Columbia spectator.</subfield></datafield><datafield ind1="1" ind2="3" tag="246"><subfield code="a">Columbia daily spectator</subfield></datafield><datafield ind1=" " ind2=" " tag="260"><subfield code="a">New York :</subfield><subfield code="b">Spectator Pub. Co.,</subfield><subfield code="c">1877-</subfield></datafield><datafield ind1=" " ind2=" " tag="300"><subfield code="a">v. :</subfield><subfield code="b">ill. ;</subfield><subfield code="c">39-41 cm.</subfield></datafield><datafield ind1=" " ind2=" " tag="310"><subfield code="a">Daily (except Sat. &amp; Sun.),</subfield><subfield code="b">Oct. 6, 1902-</subfield></datafield><datafield ind1=" " ind2=" " tag="321"><subfield code="a">Biweekly (except summer),</subfield><subfield code="b">Feb. 17, 1899-June 11, 1902</subfield></datafield><datafield ind1=" " ind2=" " tag="321"><subfield code="a">Weekly (except summer),</subfield><subfield code="b">Oct. 13, 1896-Jan. 18, 1899</subfield></datafield><datafield ind1=" " ind2=" " tag="321"><subfield code="a">Semimonthly (except summer),</subfield><subfield code="b">July 1, 1877-Oct. 5, 1896</subfield></datafield><datafield ind1="0" ind2=" " tag="362"><subfield code="a">Vol. 1, no. 1 (July 1, 1877)-</subfield></datafield><datafield ind1=" " ind2=" " tag="500"><subfield code="a">Published for the Columbia University community.</subfield></datafield><datafield ind1=" " ind2=" " tag="500"><subfield code="a">"Independent since 1962."</subfield></datafield><datafield ind1=" " ind2=" " tag="500"><subfield code="a">"If you see it in the Spectator, it is so."</subfield></datafield><datafield ind1=" " ind2=" " tag="515"><subfield code="a">Began publishing during summer months July, 1916 (except 1918 and 1920, no. 2).</subfield></datafield><datafield ind1=" " ind2=" " tag="530"><subfield code="a">Available on microfilm from Bell &amp; Howell at Columbia University Libraries.</subfield></datafield><datafield ind1=" " ind2=" " tag="530"><subfield code="a">Selected articles available in online version.</subfield></datafield><datafield ind1=" " ind2=" " tag="588"><subfield code="a">Description based on: Vol. 61 [misnumbered as 41], no. 1 (Sept. 20, 1917).</subfield></datafield><datafield ind1=" " ind2="0" tag="650"><subfield code="a">College student newspapers and periodicals</subfield><subfield code="z">New York (State)</subfield><subfield code="z">New York.</subfield></datafield><datafield ind1=" " ind2="0" tag="651"><subfield code="a">New York County (N.Y.)</subfield><subfield code="v">Newspapers.</subfield></datafield><datafield ind1=" " ind2="0" tag="651"><subfield code="a">New York (N.Y.)</subfield><subfield code="v">Newspapers.</subfield></datafield><datafield ind1=" " ind2="7" tag="655"><subfield code="a">Newspapers.</subfield><subfield code="2">fast</subfield><subfield code="0">(OCoLC)fst01423814</subfield></datafield><datafield ind1=" " ind2="7" tag="650"><subfield code="a">College student newspapers and periodicals.</subfield><subfield code="2">fast</subfield><subfield code="0">(OCoLC)fst00867966</subfield></datafield><datafield ind1=" " ind2="7" tag="651"><subfield code="a">New York (State)</subfield><subfield code="z">New York.</subfield><subfield code="2">fast</subfield><subfield code="0">(OCoLC)fst01204333</subfield></datafield><datafield ind1=" " ind2="7" tag="651"><subfield code="a">New York (State)</subfield><subfield code="z">New York County.</subfield><subfield code="2">fast</subfield><subfield code="0">(OCoLC)fst01234953</subfield></datafield><datafield ind1=" " ind2=" " tag="752"><subfield code="a">United States</subfield><subfield code="b">New York</subfield><subfield code="c">New York</subfield><subfield code="d">New York.</subfield></datafield><datafield ind1="0" ind2=" " tag="776"><subfield code="c">Microfilm</subfield><subfield code="d">Bell &amp; Howell</subfield><subfield code="w">(OCoLC)48590114</subfield></datafield><datafield ind1="0" ind2="8" tag="776"><subfield code="i">Online version:</subfield><subfield code="t">Columbia spectator (New York, N.Y.)</subfield><subfield code="w">(OCoLC)659018493</subfield></datafield><datafield ind1="4" ind2="1" tag="856"><subfield code="u">http://www.columbiaspectator.com/archive.html</subfield></datafield></record>